% SEEDING :

@article{al2009improved,
  title={{Improved Automatic Detection \& Segmentation of Cell Nuclei in Histopathology Images.}},
  author={Al-Kofahi, Y. and Lassoued, W. and Lee, W. and Roysam, B.},
  journal={IEEE transactions on bio-medical engineering},
  year={2009}
}

@article{li20073,
  title={{3D cell nuclei segmentation based on gradient flow tracking}},
  author={Li, G. and Liu, T. and Tarokh, A. and Nie, J. and Guo, L. and Mara, A. and Holley, S. and Wong, S.T.C.},
  journal={BMC cell biology},
  volume={8},
  number={1},
  pages={40},
  year={2007},
  publisher={BioMed Central Ltd}
}



%registration

@conference{mattes2001nonrigid,
  title={{Nonrigid multimodality image registration}},
  author={Mattes, D. and Haynor, D.R. and Vesselle, H. and Lewellyn, T.K. and Eubank, W.},
  booktitle={Proceedings of SPIE},
  volume={4322},
  pages={1609},
  year={2001}
}


@book{registrationCrossCorr,
 author = {Pratt, William K.},
 title = {Digital image processing (2nd ed.)},
 year = {1991},
 isbn = {0-471-85766-1},
 publisher = {John Wiley \& Sons, Inc.},
 address = {New York, NY, USA},
 }


%COMPARE

@article{AntoCompare,
  Author = "Perrot-Audet A. and Mosaliganti K. and Gelas A. and Rannou N. and Souhait L. and Megason S.",
  Title = "A simple Qt based comparison program for ITK and VTK images",
  Organization = "Harvard Medical School, Megason Lab",
   journal = {Insight Journal},
   Address = {http://www.midasjournal.org/},
   url            = {http://hdl.handle.net/10380/3196},
   year = 2010
 }
@TechReport{McCornic-VisualDebug,
  Author       = "McCormick, M.",
  Title           = "Visual Debugging of ITK",
  BookTitle   = "The Kitware Source",
  Organization   = "Kitware, Inc",
   Address = {http://www.kitware.com/products/thesource.html},
   url            = {http://www.kitware.com/products/thesource.html},
  Pages         = "3-6",
  year            = 2010,
  month        = "April",
  Issue          = 13,
}

@conference{vtkINRIA,
  Author="Toussaint, N. and Sermesant, M. and Fillard, P.",
  Title="vtkinria3d: A vtk extension for spatiotemporal data synchronization, visualization and management",
  BookTitle="Proc. of Workshop on Open Source and Open Data for MICCAI",
  Institution    = "INRIA",
}

@misc{vtkExamples,
  Author = "Doria, D. and VTK community",
  Title= "VTK Examples",
  url = {http://www.vtk.org/Wiki/VTK/Examples},
  howpublished = {\url {http://www.vtk.org/Wiki/VTK/Examples}},
}

@misc{refGofigure2,
  title={{\gofigure} Image Analysis},
  url = {http://gofigure2.sourceforge.net/},
  howpublished = {http://gofigure2.sourceforge.net/}
}

@misc{refQT,
  title = "QT - Cross-platform application an UI framework",
  url = {http://doc.trolltech.com/4.6/index.html},
  howpublished = {http://doc.trolltech.com/4.6/index.html}
}
@Manual{ITKSoftwareGuide,
  Title          = {The {ITK} {S}oftware {G}uide},
  Author         = {Ibanez, L. and Schroeder, W. and Ng, L. and Cates, J.},
  Organization   = "Kitware, Inc. ISBN 1-930934-10-6",
  Address        = {http://www.itk.org/ItkSoftwareGuide.pdf},
  url            = {http://www.itk.org/ItkSoftwareGuide.pdf},
  Publisher      = {Kitware Inc.},
  Edition        = {First},
  year           = 2003
}


@Book{methodeAPTE,
  Title  =  {La méthode APTE d'Analyse de la Valeur et Analyse Fonctionnelle},
  Author  = {Bertrand de La Bretesch},
  Publisher = {Éditions Petrelle},
  Year = 2000
}


%Evaluation/comparaisons de GIT :
%descritpion comparaison centralisee non centralisee
%\url{http://informatique.in2p3.fr/?q=node/333}
%avantages de GIT :
%\url{http://www.whygitisbetterthanx.com/}
%\url{http://joshcarter.com/productivity/svn_hg_git_for_home_directory}
%\url{http://dev-heaven.net/wiki/20/Git_vs_SVN_comparison}




